
@misc{virgl_stack,
    title={Virtualizing {GPU} access},
    url={https://www.collabora.com/news-and-blog/blog/2018/02/12/virtualizing-gpu-access/}
}

@misc{nomachine_intro,
    title={{Easy-to-use remote access for everyone}},
    url={https://www.nomachine.com/remote-access-for-everybody}
}

@misc{nomachine_stats,
    title={{Retrieving and reading NoMachine statistics}},
    url={https://kb.nomachine.com/AR02N00875}
}

@misc{turbovnc_intro,
    title={{A Brief Introduction to TurboVNC}},
    url={https://turbovnc.org/About/Introduction}
}

@misc{nomachine_virtualgl,
    title={How to enable {VirtualGL} support on {Linux} in {NoMachine}},
    url={https://kb.nomachine.com/AR05P00982}
}

@misc{virtualgl_userguide,
    title={{User's Guide for VirtualGL 3.1}},
    url={https://rawcdn.githack.com/VirtualGL/virtualgl/3.1/doc/index.html}
}

@misc{nsight_sys_gpu_support,
    title={{Nsight-Systems} {System} {Requirements}},
    url={https://developer.nvidia.com/nsight-systems/get-started/#reqs}
}

@misc{gpu_gtx9701,
    title={{Nvidia GeForce GTX 970 Specs}},
    url={https://www.techpowerup.com/gpu-specs/geforce-gtx-970.c2620}
}

@techreport{turbovnc_report,
    institution = {VirtualGL Project},
    title = {From {Tight} to {Turbo} and {Back} {Again}: Designing a {Better} {Encoding} {Method} for {TurboVNC}},
    year = 2015,
    url={https://turbovnc.org/pmwiki/uploads/About/tighttoturbo.pdf}
}

@misc{hw_accel_graphics_vmware,
    title = {{Deploying Hardware-Accelerated Graphics with VMWare Horizon}},
    url = {https://techzone.vmware.com/resource/deploying-hardware-accelerated-graphics-vmware-horizon-7#virtual-shared-graphics-acceleration}
}

@InProceedings{empirical_analysis_hw_assist_virt,
  author={Garg, Anshuj and Kulkarni, Purushottam and Kurkure, Uday and Sivaraman, Hari and Vu, Lan},
  booktitle={2019 IEEE 26th International Conference on High-Performance Computing, Data, and Analytics (HiPC)}, 
  title={Empirical Analysis of Hardware-Assisted GPU Virtualization}, 
  year={2019},
  volume={},
  number={},
  pages={395-405},
  keywords={Graphics processing units;Benchmark testing;Hardware;Multiplexing;Virtualization;Task analysis;Virtual machining;GPU, Virtualization, vGPU, Cloud Computing},
  doi={10.1109/HiPC.2019.00054}
}

@misc{nvidia_vgpu_docs,
    title = {{Nvidia Virtual GPU Software Documentation}},
    url = {https://docs.nvidia.com/grid/13.0/grid-vgpu-user-guide/index.html}
}

@misc{virtio_ibm_article,
    title = {{Virtio: An I/O virtualization framework for Linux}},
    url = {https://developer.ibm.com/articles/l-virtio/}
}

